@book{oneill_1983,
  address   = {Burlington},
  title     = {Semi-Riemannian Geometry with Applications to Relativity},
  isbn      = {9780080570570},
  publisher = {Elsevier},
  author    = {O'Neill, Barrett},
  year      = {1983},
  language  = {eng}
}

@article{oneill_1966,
  title   = {The fundamental equations of a submersion.},
  volume  = {13},
  issn    = {0026-2285},
  url     = {https://projecteuclid.org/journals/michigan-mathematical-journal/volume-13/issue-4/The-fundamental-equations-of-a-submersion/10.1307/mmj/1028999604.full},
  doi     = {10.1307/mmj/1028999604},
  number  = {4},
  journal = {Michigan Mathematical Journal},
  author  = {O'Neill, Barrett},
  year    = {1966},
  month   = {Dec}
}


@article{adams,
  issn      = {0003486X},
  url       = {http://www.jstor.org/stable/1970147},
  author    = {J. F. Adams},
  journal   = {Annals of Mathematics},
  number    = {1},
  pages     = {20--104},
  publisher = {Annals of Mathematics},
  title     = {On the Non-Existence of Elements of Hopf Invariant One},
  urldate   = {2023-01-10},
  volume    = {72},
  year      = {1960}
}

@book{Lee_2003,
  address    = {New York, NY},
  series     = {Graduate Texts in Mathematics},
  title      = {Introduction to Smooth Manifolds},
  volume     = {218},
  isbn       = {9780387954486},
  url        = {http://link.springer.com/10.1007/978-0-387-21752-9},
  doi        = {10.1007/978-0-387-21752-9},
  publisher  = {Springer New York},
  author     = {Lee, John M.},
  year       = {2003},
  collection = {Graduate Texts in Mathematics}
}
